<?xml version="1.0" encoding="UTF-8"?><collection xmlns="http://www.loc.gov/MARC21/slim"><record><leader>00526nam--2200181-i-4500</leader><controlfield tag="001">000019498</controlfield><controlfield tag="002">20161230</controlfield><controlfield tag="005">20161230201033</controlfield><controlfield tag="008">060222s1000------------r-----000-0-eng-d</controlfield><datafield ind1=" " ind2=" " tag="040"><subfield code="a">IFIN-HH</subfield></datafield><datafield ind1=" " ind2=" " tag="080"><subfield code="a">802.0(075.8)</subfield></datafield><datafield ind1="1" ind2=" " tag="100"><subfield code="a">Farca, Eugenia / S.A. </subfield></datafield><datafield ind1="1" ind2="0" tag="245"><subfield code="a">Limba engleza, anul i</subfield><subfield code="c">Eugenia farca, nadejda kolesnikova, rodica ungureanu, fulvia turcu</subfield></datafield><datafield ind1=" " ind2=" " tag="260"><subfield code="a">Bucuresti</subfield><subfield code="b">Ministerul Comertului Exterior</subfield><subfield code="c">1973</subfield></datafield><datafield ind1=" " ind2=" " tag="300"><subfield code="a">500 P</subfield></datafield><datafield ind1="1" ind2=" " tag="700"><subfield code="a">Turcu, Fulvia</subfield></datafield><datafield ind1=" " ind2=" " tag="852"><subfield code="a">39887</subfield><subfield code="c">4</subfield></datafield><datafield ind1=" " ind2=" " tag="CAT"><subfield code="a">Sys</subfield><subfield code="c">20130205</subfield><subfield code="h">110547</subfield></datafield></record></collection>